%YAML 1.1
%TAG !u! tag:unity3d.com,2011:
--- !u!241 &24100000
AudioMixerController:
  m_ObjectHideFlags: 0
  m_PrefabParentObject: {fileID: 0}
  m_PrefabInternal: {fileID: 0}
  m_Name: Station 2
  m_OutputGroup: {fileID: 243634661928832802, guid: 74efe0f4c72cf9349afabcbf3d58c06c,
    type: 2}
  m_MasterGroup: {fileID: 24300002}
  m_Snapshots:
  - {fileID: 24500006}
  m_StartSnapshot: {fileID: 24500006}
  m_SuspendThreshold: -80
  m_EnableSuspend: 1
  m_UpdateMode: 0
  m_ExposedParameters:
  - guid: d208ed7d96f44124c8fa6b585f55baf3
    name: Interupt
  - guid: 034af9f22ce0cad4b9c8267e176790f5
    name: Powerbox
  - guid: 6dcb74a6772a1d048a1ddb7644b92741
    name: Program
  m_AudioMixerGroupViews:
  - guids:
    - 3c18e7048d93755448498549564b3a38
    - 5107363b9ac32e54b9b3cad866d35ef0
    - 0d127a4ad653dc1439ca652f87beb0a2
    - 44be2484491f0114692ede13d8c5b1f7
    name: View
  m_CurrentViewIndex: 0
  m_TargetSnapshot: {fileID: 24500006}
--- !u!243 &24300002
AudioMixerGroupController:
  m_ObjectHideFlags: 0
  m_PrefabParentObject: {fileID: 0}
  m_PrefabInternal: {fileID: 0}
  m_Name: Master
  m_AudioMixer: {fileID: 24100000}
  m_GroupID: 3c18e7048d93755448498549564b3a38
  m_Children:
  - {fileID: 243910781554338976}
  - {fileID: 243031022225335556}
  - {fileID: 243235779616117496}
  m_Volume: 5d889a1dd246abe4aa291d38c320dbf3
  m_Pitch: a3e926a01fe1b1d44a25bde78c51e92b
  m_Effects:
  - {fileID: 24400004}
  m_UserColorIndex: 0
  m_Mute: 0
  m_Solo: 0
  m_BypassEffects: 0
--- !u!244 &24400004
AudioMixerEffectController:
  m_ObjectHideFlags: 3
  m_PrefabParentObject: {fileID: 0}
  m_PrefabInternal: {fileID: 0}
  m_Name: 
  m_EffectID: 82e1f7e67012ee84c814470a6bde26b0
  m_EffectName: Attenuation
  m_MixLevel: 1fd950658bc804c498bb1e00f7794f9c
  m_Parameters: []
  m_SendTarget: {fileID: 0}
  m_EnableWetMix: 0
  m_Bypass: 0
--- !u!245 &24500006
AudioMixerSnapshotController:
  m_ObjectHideFlags: 0
  m_PrefabParentObject: {fileID: 0}
  m_PrefabInternal: {fileID: 0}
  m_Name: Snapshot
  m_AudioMixer: {fileID: 24100000}
  m_SnapshotID: 6306f671d4d2b5f4d80a427fa2388785
  m_FloatValues:
    034af9f22ce0cad4b9c8267e176790f5: -80
    d208ed7d96f44124c8fa6b585f55baf3: -80
  m_TransitionOverrides: {}
--- !u!243 &243031022225335556
AudioMixerGroupController:
  m_ObjectHideFlags: 0
  m_PrefabParentObject: {fileID: 0}
  m_PrefabInternal: {fileID: 0}
  m_Name: Interupt 1
  m_AudioMixer: {fileID: 24100000}
  m_GroupID: 0d127a4ad653dc1439ca652f87beb0a2
  m_Children: []
  m_Volume: d208ed7d96f44124c8fa6b585f55baf3
  m_Pitch: 459b893ecf3f1c542b53cb0f3478b848
  m_Effects:
  - {fileID: 244802280236329110}
  m_UserColorIndex: 0
  m_Mute: 0
  m_Solo: 0
  m_BypassEffects: 0
--- !u!243 &243235779616117496
AudioMixerGroupController:
  m_ObjectHideFlags: 0
  m_PrefabParentObject: {fileID: 0}
  m_PrefabInternal: {fileID: 0}
  m_Name: Powerbox
  m_AudioMixer: {fileID: 24100000}
  m_GroupID: 44be2484491f0114692ede13d8c5b1f7
  m_Children: []
  m_Volume: 034af9f22ce0cad4b9c8267e176790f5
  m_Pitch: acd9c20b8ca34da4c936d056c7223a79
  m_Effects:
  - {fileID: 244178193464784322}
  m_UserColorIndex: 0
  m_Mute: 0
  m_Solo: 0
  m_BypassEffects: 0
--- !u!243 &243910781554338976
AudioMixerGroupController:
  m_ObjectHideFlags: 0
  m_PrefabParentObject: {fileID: 0}
  m_PrefabInternal: {fileID: 0}
  m_Name: Regular Program
  m_AudioMixer: {fileID: 24100000}
  m_GroupID: 5107363b9ac32e54b9b3cad866d35ef0
  m_Children: []
  m_Volume: 6dcb74a6772a1d048a1ddb7644b92741
  m_Pitch: 6496a6c787736c74f9395561061bfcf7
  m_Effects:
  - {fileID: 244987833495984190}
  m_UserColorIndex: 0
  m_Mute: 0
  m_Solo: 0
  m_BypassEffects: 0
--- !u!244 &244178193464784322
AudioMixerEffectController:
  m_ObjectHideFlags: 3
  m_PrefabParentObject: {fileID: 0}
  m_PrefabInternal: {fileID: 0}
  m_Name: 
  m_EffectID: 996ddda00666a8b4fa293dc0facc0237
  m_EffectName: Attenuation
  m_MixLevel: 16fcb54f42fef844c9e673456cfbc6dc
  m_Parameters: []
  m_SendTarget: {fileID: 0}
  m_EnableWetMix: 0
  m_Bypass: 0
--- !u!244 &244802280236329110
AudioMixerEffectController:
  m_ObjectHideFlags: 3
  m_PrefabParentObject: {fileID: 0}
  m_PrefabInternal: {fileID: 0}
  m_Name: 
  m_EffectID: 7ed02c69e98a72544a4f7e7293e86247
  m_EffectName: Attenuation
  m_MixLevel: d8364cfcd4e3ddb47b0421ce09727504
  m_Parameters: []
  m_SendTarget: {fileID: 0}
  m_EnableWetMix: 0
  m_Bypass: 0
--- !u!244 &244987833495984190
AudioMixerEffectController:
  m_ObjectHideFlags: 3
  m_PrefabParentObject: {fileID: 0}
  m_PrefabInternal: {fileID: 0}
  m_Name: 
  m_EffectID: d1d97d4f75f490d4c8062f04a6d311f1
  m_EffectName: Attenuation
  m_MixLevel: b784ba441a76bac429ed9a16d2f0d281
  m_Parameters: []
  m_SendTarget: {fileID: 0}
  m_EnableWetMix: 0
  m_Bypass: 0
